<?xml version="1.0" encoding="UTF-8"?>
<collection xmlns="http://www.loc.gov/MARC21/slim">
   <record>
      <leader>01726cam a2200457Ia 4500</leader>
      <controlfield tag="001">7302200</controlfield>
      <controlfield tag="003">OCoLC</controlfield>
      <controlfield tag="005">20151221021559.0</controlfield>
      <controlfield tag="008">081028s1997    abca         s000 0 eng  </controlfield>
      <datafield tag="016" ind1=" " ind2=" ">
         <subfield code="a">20088033848</subfield>
      </datafield>
      <datafield tag="020" ind1=" " ind2=" ">
         <subfield code="a">0774113707</subfield>
      </datafield>
      <datafield tag="020" ind1=" " ind2=" ">
         <subfield code="a">9780774113700</subfield>
      </datafield>
      <datafield tag="020" ind1=" " ind2=" ">
         <subfield code="a">0774113715</subfield>
         <subfield code="q">(booklet)</subfield>
      </datafield>
      <datafield tag="020" ind1=" " ind2=" ">
         <subfield code="a">9780774113717</subfield>
         <subfield code="q">(booklet)</subfield>
      </datafield>
      <datafield tag="020" ind1=" " ind2=" ">
         <subfield code="a">0774113723</subfield>
         <subfield code="q">(manual)</subfield>
      </datafield>
      <datafield tag="020" ind1=" " ind2=" ">
         <subfield code="a">9780774113724</subfield>
         <subfield code="q">(manual)</subfield>
      </datafield>
      <datafield tag="035" ind1=" " ind2=" ">
         <subfield code="a">ocn271431570</subfield>
      </datafield>
      <datafield tag="040" ind1=" " ind2=" ">
         <subfield code="a">NLC</subfield>
         <subfield code="b">eng</subfield>
         <subfield code="c">NLC</subfield>
         <subfield code="d">OCLCO</subfield>
         <subfield code="d">OCLCQ</subfield>
         <subfield code="d">LTSCA</subfield>
         <subfield code="d">AEU</subfield>
      </datafield>
      <datafield tag="050" ind1=" " ind2="4">
         <subfield code="a">SD255</subfield>
         <subfield code="b">.W49 1997</subfield>
      </datafield>
      <datafield tag="055" ind1="0" ind2="7">
         <subfield code="a">COP.AL.2.2008-288</subfield>
      </datafield>
      <datafield tag="090" ind1=" " ind2=" ">
         <subfield code="a">SD 255 W49 1997</subfield>
         <subfield code="b">AEU</subfield>
      </datafield>
      <datafield tag="240" ind1="0" ind2="0">
         <subfield code="a">Why forestry? : / FOR 1010</subfield>
      </datafield>
      <datafield tag="245" ind1="0" ind2="0">
         <subfield code="a">Why forestry? : FOR 1010</subfield>
         <subfield code="b">FOR 1010</subfield>
      </datafield>
      <datafield tag="246" ind1="1" ind2=" ">
         <subfield code="i">At head of title on cover:</subfield>
         <subfield code="a">Career &amp; Technology Studies</subfield>
      </datafield>
      <datafield tag="260" ind1=" " ind2=" ">
         <subfield code="a">Edmonton :</subfield>
         <subfield code="b">Alberta Education,</subfield>
         <subfield code="c">©1997.</subfield>
      </datafield>
      <datafield tag="300" ind1=" " ind2=" ">
         <subfield code="a">147 pages :</subfield>
         <subfield code="b">illustrations ;</subfield>
         <subfield code="c">28 cm +</subfield>
         <subfield code="e">1 booklet, 1 manual.</subfield>
      </datafield>
      <datafield tag="336" ind1=" " ind2=" ">
         <subfield code="a">text</subfield>
         <subfield code="b">txt</subfield>
         <subfield code="2">rdacontent</subfield>
      </datafield>
      <datafield tag="337" ind1=" " ind2=" ">
         <subfield code="a">unmediated</subfield>
         <subfield code="b">n</subfield>
         <subfield code="2">rdamedia</subfield>
      </datafield>
      <datafield tag="338" ind1=" " ind2=" ">
         <subfield code="a">volume</subfield>
         <subfield code="b">nc</subfield>
         <subfield code="2">rdacarrier</subfield>
      </datafield>
      <datafield tag="550" ind1=" " ind2=" ">
         <subfield code="a">Issued by: Learning Technologies Branch.</subfield>
      </datafield>
      <datafield tag="590" ind1=" " ind2=" ">
         <subfield code="a">Approved for use in Alberta schools.</subfield>
         <subfield code="5">CaAEU</subfield>
      </datafield>
      <datafield tag="596" ind1=" " ind2=" ">
         <subfield code="a">38</subfield>
      </datafield>
      <datafield tag="650" ind1=" " ind2="0">
         <subfield code="a">Forests and forestry</subfield>
         <subfield code="x">Vocational guidance</subfield>
         <subfield code="v">Programmed instruction.</subfield>
      </datafield>
      <datafield tag="650" ind1=" " ind2="0">
         <subfield code="a">Forests and forestry</subfield>
         <subfield code="v">Programmed instruction.</subfield>
      </datafield>
      <datafield tag="710" ind1="1" ind2=" ">
         <subfield code="a">Alberta.</subfield>
         <subfield code="b">Alberta Education.</subfield>
      </datafield>
      <datafield tag="710" ind1="1" ind2=" ">
         <subfield code="a">Alberta.</subfield>
         <subfield code="b">Learning Technologies Branch.</subfield>
      </datafield>
      <datafield tag="949" ind1=" " ind2=" ">
         <subfield code="a">SD 255 W49 1997</subfield>
         <subfield code="h">UABA-B</subfield>
         <subfield code="i">0162036818548</subfield>
         <subfield code="z">OCLC_COPY</subfield>
      </datafield>
      <datafield tag="949" ind1=" " ind2=" ">
         <subfield code="a">SD 255 W49 1997</subfield>
         <subfield code="v">bklt.</subfield>
         <subfield code="h">UABA-B</subfield>
         <subfield code="i">0162036818480</subfield>
         <subfield code="z">OCLC_COPY</subfield>
      </datafield>
      <datafield tag="949" ind1=" " ind2=" ">
         <subfield code="a">SD 255 W49 1997</subfield>
         <subfield code="v">tch.gd.</subfield>
         <subfield code="h">UABA-B</subfield>
         <subfield code="i">0162036818605</subfield>
         <subfield code="z">OCLC_COPY</subfield>
      </datafield>
      <datafield tag="926" ind1=" " ind2=" ">
         <subfield code="a">UABARD</subfield>
         <subfield code="b">ON_SHELF</subfield>
         <subfield code="c">SD 255 W49 1997</subfield>
         <subfield code="d">BOOK</subfield>
         <subfield code="f">1</subfield>
      </datafield>
      <datafield tag="926" ind1=" " ind2=" ">
         <subfield code="a">UABARD</subfield>
         <subfield code="b">ON_SHELF</subfield>
         <subfield code="c">SD 255 W49 1997 bklt.</subfield>
         <subfield code="d">BOOK</subfield>
         <subfield code="f">1</subfield>
      </datafield>
      <datafield tag="926" ind1=" " ind2=" ">
         <subfield code="a">UABARD</subfield>
         <subfield code="b">ON_SHELF</subfield>
         <subfield code="c">SD 255 W49 1997 tch.gd.</subfield>
         <subfield code="d">BOOK</subfield>
         <subfield code="f">1</subfield>
      </datafield>
   </record>
</collection>
